<?xml version="1.0" encoding="UTF-8"?><collection><record><leader>02817ctm a2200421 a 4500</leader><controlfield tag="001">005238628</controlfield><controlfield tag="003">MiAaHDL</controlfield><controlfield tag="005">20190719000000.0</controlfield><controlfield tag="006">m        d        </controlfield><controlfield tag="007">cr bn ---auaua</controlfield><controlfield tag="008">060628s1574    |||           000|0 per  </controlfield><datafield tag="035" ind1=" " ind2=" "><subfield code="a">(MiU)005238628</subfield></datafield><datafield tag="035" ind1=" " ind2=" "><subfield code="a">sdr-miu005238628</subfield></datafield><datafield tag="035" ind1=" " ind2=" "><subfield code="a">(OCoLC)62426172</subfield></datafield><datafield tag="035" ind1=" " ind2=" "><subfield code="a">(RLIN)MIUG06-B2795</subfield></datafield><datafield tag="040" ind1=" " ind2=" "><subfield code="a">MiU</subfield><subfield code="c">MiU</subfield></datafield><datafield tag="100" ind1="0" ind2=" "><subfield code="6">880-01</subfield><subfield code="a">Ghazzālī,</subfield><subfield code="d">1058-1111.</subfield></datafield><datafield tag="240" ind1="1" ind2="0"><subfield code="6">880-02</subfield><subfield code="a">Kīmiyā-yi saʻādat.</subfield></datafield><datafield tag="245" ind1="1" ind2="0"><subfield code="6">880-03</subfield><subfield code="a">Kīmiyā-yi Saʻādat,</subfield><subfield code="f">[982, i.e. 1574].</subfield></datafield><datafield tag="246" ind1="3" ind2=" "><subfield code="i">Title from inscription on front flyleaf:</subfield><subfield code="a">هذا كتاب كيميائى سعادت</subfield></datafield><datafield tag="260" ind1=" " ind2=" "><subfield code="a">[1574].</subfield></datafield><datafield tag="300" ind1=" " ind2=" "><subfield code="a">1 v. ([912] p.) ;</subfield><subfield code="c">26.25 cm.</subfield></datafield><datafield tag="500" ind1=" " ind2=" "><subfield code="a">Copy completed: Shaʻbān 982/ November 1574 in the hand of Qāsim b. Ḥājī Mīrzā.</subfield></datafield><datafield tag="500" ind1=" " ind2=" "><subfield code="a">Text written in clear black naskh script with rubrication. Text bordered in blue and gold lines throughout.</subfield></datafield><datafield tag="500" ind1=" " ind2=" "><subfield code="a">Initial page has medallion design with gold, including gold and red floral patterns on blue paint. The title of the work is no longer apparent in the center medallion. First page of the text has ʻunwān in similar colors and design. Title of work is also missing from this location. Volume has edge title, but spelled "kimiyā-yi saʻādat" instead of "kīmiyā-yi saʻādat".</subfield></datafield><datafield tag="500" ind1=" " ind2=" "><subfield code="a">Leather bound codex with intricate tooling on upper and lower covers; some residue of gold paint in design. Doublures feature elaborate leather filigree on red leather with gold and paint which overlays a blue painted background. Both covers are detached.</subfield></datafield><datafield tag="510" ind1="4" ind2=" "><subfield code="a">Browne,</subfield><subfield code="c">v. ii, p.293-6.</subfield></datafield><datafield tag="510" ind1="4" ind2=" "><subfield code="a">GAL,</subfield><subfield code="c">v. I, p.423, n. 29</subfield></datafield><datafield tag="520" ind1=" " ind2=" "><subfield code="a">Translated as "The Alchemy of Bliss," this most famous work of al-Ghazālī, written in Persian, presents the religious and ethical obligations of the true Muslim from a mystical perspective. It is considered an abridgement of his extensive Arabic work, Iḥyā ʻulūm al-dīn.</subfield></datafield><datafield tag="538" ind1=" " ind2=" "><subfield code="a">Mode of access: Internet.</subfield></datafield><datafield tag="545" ind1=" " ind2=" "><subfield code="a">Famous theologian and prolific Ṣufī writer, Abū Hāmid Muhammad b. Muhammad al-Ghazālī was born in Tūs in 450/1058, the early Saljuk period. Later, he studied in Nishāpūr, and was eventually appointed to a post in the Niẓāmiyyah madrasah in Baghdad by Niẓām al-Mulk himself in 484/1091-2. After some years he returned to Nishāpūr and then Tūs, where he died in 505/1111.</subfield></datafield><datafield tag="650" ind1=" " ind2="0"><subfield code="a">Sufism</subfield><subfield code="v">Early works to 1800.</subfield></datafield><datafield tag="650" ind1=" " ind2="0"><subfield code="a">Islamic Ethics</subfield><subfield code="v">Early works to 1800.</subfield></datafield><datafield tag="650" ind1=" " ind2="0"><subfield code="a">Islam</subfield><subfield code="x">Doctrines</subfield><subfield code="v">Early works to 1800.</subfield></datafield><datafield tag="650" ind1=" " ind2="0"><subfield code="a">Manuscripts, Persian</subfield><subfield code="z">Michigan</subfield><subfield code="z">Ann Arbor.</subfield></datafield><datafield tag="773" ind1="0" ind2=" "><subfield code="a">Yahuda Collection.</subfield></datafield><datafield tag="880" ind1="1" ind2="0"><subfield code="6">245-03/</subfield><subfield code="a">كيميائ سعادت,</subfield><subfield code="f">[982ه, 1574م]</subfield></datafield><datafield tag="880" ind1="1" ind2="0"><subfield code="6">240-02/</subfield><subfield code="a">كيمياى سعادت</subfield></datafield><datafield tag="880" ind1="0" ind2=" "><subfield code="6">100-01/</subfield><subfield code="a">غزالي.</subfield></datafield><datafield tag="CID" ind1=" " ind2=" "><subfield code="a">005238628</subfield></datafield><datafield tag="DAT" ind1="0" ind2=" "><subfield code="a">20190719102633.0</subfield><subfield code="b">20190719000000.0</subfield></datafield><datafield tag="DAT" ind1="1" ind2=" "><subfield code="a">20190719090653.0</subfield><subfield code="b">2019-07-19T16:10:53Z</subfield></datafield><datafield tag="DAT" ind1="2" ind2=" "><subfield code="a">2015-10-02T18:00:03Z</subfield></datafield><datafield tag="CAT" ind1=" " ind2=" "><subfield code="a">SDR-MIU</subfield><subfield code="d">EX LIBRIS - ALEPH</subfield><subfield code="l">prepare.pl-004-008</subfield></datafield><datafield tag="FMT" ind1=" " ind2=" "><subfield code="a">BK</subfield></datafield><datafield tag="HOL" ind1=" " ind2=" "><subfield code="0">sdr-miu005238628</subfield><subfield code="a">MiU</subfield><subfield code="b">SDR</subfield><subfield code="c">MIU</subfield><subfield code="p">mdp.39015081446539</subfield><subfield code="s">MIU</subfield><subfield code="1">005238628</subfield></datafield><datafield tag="974" ind1=" " ind2=" "><subfield code="b">MIU</subfield><subfield code="c">MIU</subfield><subfield code="d">20190719</subfield><subfield code="s">lit-dlps-dc</subfield><subfield code="u">mdp.39015081446539</subfield><subfield code="y">1574</subfield><subfield code="r">pd</subfield><subfield code="q">bib</subfield><subfield code="t">non-US bib date1 &lt; 1879</subfield></datafield></record></collection>